<record><leader>00000cas a22000007a 4500</leader><controlfield tag="001">9931443</controlfield><controlfield tag="008">830921d18901890ksuwr ne      0   a0eng d</controlfield><controlfield tag="009">3789</controlfield><datafield ind1=" " ind2=" " tag="010"><subfield code="a">sn 83040546 </subfield></datafield><datafield ind1=" " ind2=" " tag="040"><subfield code="a">KSH</subfield><subfield code="b">eng</subfield><subfield code="c">KSH</subfield><subfield code="d">NPT</subfield><subfield code="d">OCLCQ</subfield></datafield><datafield ind1=" " ind2=" " tag="042"><subfield code="a">msc</subfield></datafield><datafield ind1="0" ind2="0" tag="245"><subfield code="a">Horton headlight and telegram.</subfield></datafield><datafield ind1=" " ind2=" " tag="260"><subfield code="a">Horton, Kan. :</subfield><subfield code="b">Brundige &amp; Whitaker,</subfield><subfield code="c">1890.</subfield></datafield><datafield ind1=" " ind2=" " tag="300"><subfield code="a">1 v. ;</subfield><subfield code="c">55 cm.</subfield></datafield><datafield ind1=" " ind2=" " tag="310"><subfield code="a">Weekly</subfield></datafield><datafield ind1="0" ind2=" " tag="362"><subfield code="a">Vol. 4, no. 20 (Mar. 13, 1890)-v. 4, no. 28 (May 8, 1890).</subfield></datafield><datafield ind1=" " ind2=" " tag="752"><subfield code="a">United States</subfield><subfield code="b">Kansas</subfield><subfield code="c">Brown</subfield><subfield code="d">Horton.</subfield></datafield><datafield ind1="0" ind2="4" tag="780"><subfield code="t">Horton headlight</subfield><subfield code="w">(DLC)sn 82014107</subfield></datafield><datafield ind1="0" ind2="4" tag="780"><subfield code="t">Horton weekly telegram</subfield><subfield code="w">(DLC)sn 83040562</subfield></datafield><datafield ind1="0" ind2="0" tag="785"><subfield code="t">Horton weekly headlight</subfield><subfield code="w">(DLC)sn 83040547</subfield></datafield></record>